@inproceedings{beyza2019linked,
author = {Catania, Barbara and Guerrini, Giovanna and Yaman, Beyza},
title = {Exploiting Context and Quality for Linked Data Source Selection},
year = {2019},
booktitle = {Proceedings of the 34th ACM/SIGAPP Symposium on Applied Computing},
pages = {2251â€“2258},
}

@article{chepurko2020arda,
  title={ARDA: Automatic Relational Data Augmentation for Machine Learning},
  author={Chepurko, Nadiia and Marcus, Ryan and Zgraggen, Emanuel and Fernandez, Raul Castro and Kraska, Tim and Karger, David},
  journal={arXiv preprint arXiv:2003.09758},
  year={2020}
}

@inproceedings{kumar2016join,
  title={To join or not to join? thinking twice about joins before feature selection},
  author={Kumar, Arun and Naughton, Jeffrey and Patel, Jignesh M and Zhu, Xiaojin},
  booktitle={Proceedings of the 2016 International Conference on Management of Data},
  pages={19--34},
  year={2016}
}

@inproceedings{cappuzzo2020creating,
  title={Creating embeddings of heterogeneous relational datasets for data integration tasks},
  author={Cappuzzo, Riccardo and Papotti, Paolo and Thirumuruganathan, Saravanan},
  booktitle={Proceedings of the 2020 ACM SIGMOD International Conference on Management of Data},
  pages={1335--1349},
  year={2020}
}

@inproceedings{nickel2017poincare,
  title={Poincar{\'e} embeddings for learning hierarchical representations},
  author={Nickel, Maximillian and Kiela, Douwe},
  booktitle={Advances in neural information processing systems},
  pages={6338--6347},
  year={2017}
}

@article{mikolov2013efficient,
  title={Efficient estimation of word representations in vector space},
  author={Mikolov, Tomas and Chen, Kai and Corrado, Greg and Dean, Jeffrey},
  journal={arXiv preprint arXiv:1301.3781},
  year={2013}
}

@incollection{bizer2009linked,
  title={Linked data: The story so far},
  author={Bizer, Christian and Heath, Tom and Berners-Lee, Tim},
  booktitle={Semantic services, interoperability and web applications: emerging concepts},
  pages={205--227},
  year={2009},
  publisher={IGI Global}
}

@article{mcafee2012big,
  title={Big data: the management revolution},
  author={McAfee, Andrew and Brynjolfsson, Erik and Davenport, Thomas H and Patil, DJ and Barton, Dominic},
  journal={Harvard business review},
  volume={90},
  number={10},
  pages={60--68},
  year={2012}
}

@article{miller2018open,
  title={Open Data Integration},
  author={Miller, Ren{\'e}e J},
  journal={Proceedings of the VLDB Endowment},
  volume={11},
  number={12},
  year={2018}
}

@inproceedings{zhu2019josie,
  title={JOSIE: Overlap Set Similarity Search for Finding Joinable Tables in Data Lakes},
  author={Zhu, Erkang and Deng, Dong and Nargesian, Fatemeh and Miller, Ren{\'e}e J},
  booktitle={Proceedings of the 2019 International Conference on Management of Data},
  pages={847--864},
  year={2019},
  organization={ACM}
}

@article{nargesian12data,
  title={Data Lake Management: Challenges and Opportunities},
  author={Nargesian, Fatemeh and Zhu, Erkang and Miller, Ren{\'e}e J and Pu, Ken Q and Arocena, Patricia C},
  journal={Proceedings of the VLDB Endowment},
  volume={12},
  number={12}
}

@inproceedings{dassereto2019evaluating,
  title={Evaluating the effectiveness of embeddings in representing the structure of geospatial ontologies},
  author={Dassereto, Federico and Di Rocco, Laura and Guerrini, Giovanna and Bertolotto, Michela},
  booktitle={The Annual International Conference on Geographic Information Science},
  pages={41--57},
  year={2019}
}

@inproceedings{dassereto2020tuning,
  title={How to Tune Embedding Parameters in Geographical Ontologies},
  author={Dassereto, Federico and Di Rocco, Laura and Shaw, Shanley and Guerrini, Giovanna and Bertolotto, Michela},
  booktitle = {Under Submission..},
  year={2020}
}

@article{di2020sherloc,
  title={Sherloc: a knowledge-driven algorithm for geolocating microblog messages at sub-city level},
  author={Di Rocco, Laura and Dassereto, Federico and Bertolotto, Michela and Buscaldi, Davide and Catania, Barbara and Guerrini, Giovanna},
  journal={International Journal of Geographical Information Science},
  pages={1--32},
  year={2020}
}